%----------------------------------------------------------------------------------
% Exemplo do uso dos estilos bibliográficos tcc-{alpha,num}.bst.
% Veja o arquivo tcc.cls para mais detalhes e instruções.
%----------------------------------------------------------------------------------


-- Exemplo de referência a artigos de revistas e periódicos
@article{NAGAPACKING07,
   address={Amsterdam, The Netherlands, The Netherlands},
   author={Hiroshi Nagamochi and Yuusuke Abe},
   journal={Discrete Appl. Math.},
   number={4},
   pages={523--537},
   publisher={Elsevier Science Publishers B. V.},
   title={An approximation algorithm for dissecting a rectangle into rectangles with specified areas},
   volume={155},
   year={2007},
}

-- Exemplo de referência a livros
@book{CORMEMALGORITHMS01,
   address={Cambridge, MA},
   author={Cormen, Thomas  H. and Leiserson, Charles E. and Rivest, Ronald L. and Stein, Clifford},
   howpublished={Paperback},
   month={September},
   numpages={1184},
   publisher={{The MIT Press}},
   title={Introduction to Algorithms, Second Edition},
   year={2001},
}

-- Exemplo de referência a um capítulo de livro
@inbook{SKIENAC698,
   address={New York, NY, USA},
   author={Steven S. Skiena},
   publisher={Springer-Verlag New York, Inc.},
   title={The algorithm design manual},
   year={1998},
   chapter={6},
   pages={139--161}
}

-- Exemplo de referência a uma parte de livro com título e autores próprios
@incollection{BENTLEYBC07,
   author={Jon Bentley},
   title={The Most Beautiful Code {I} Never Wrote},
   booktitle={Beautiful Code: Leading Programmers Explain How They Think},
   editor={Andy Oram and Greg Wilson},
   chapter={3},
   publisher={O'Reilly \& Associates, Inc.},
   address={Sebastopol, CA},
   year={2007},
   pages={29--40},
   numpages={618}
}

-- Exemplos de referência para artigos em conferências
@inproceedings{BRIANPL04,
   address={Washington, DC, USA},
   author={Brian Clayton Atkins},
   booktitle={International Conference on Image Processing},
   location={Singapore},
   month={Out},
   pages={2897-2900},
   publisher={IEEE Computer Society},
   title={Adaptive photo collection page layout},
   volume={5},
   year={2004},
}
@inproceedings{OLIVEIRAAPL08,
   address={New York, NY, USA},
   author={Jo{\~a}o Batista S. de Oliveira},
   booktitle={Proceedings of the eighth ACM symposium on Document engineering},
   location={Sao Paulo, Brazil},
   pages={141--149},
   publisher={ACM},
   title={Two algorithms for automatic document page layout},
   year={2008},
}
@inproceedings{PICCOLIAPL11,
   author={Piccoli, Ricardo Farias Bidart and Chamun, Rodrigo and Cogo, Nicole Carrion and de Oliveira, Jo{\~a}o Batista Souza and Manssour, Isabel Harb},
   title={A novel physics-based interaction model for free document layout},
   booktitle={Proceedings of the 11th ACM symposium on Document engineering},
   series={DocEng '11},
   year={2011},
   isbn={978-1-4503-0863-2},
   location={Mountain View, California, USA},
   pages={153--162},
   numpages={10},
   url={http://doi.acm.org/10.1145/2034691.2034725},
   doi={10.1145/2034691.2034725},
   acmid={2034725},
   publisher={ACM},
   address={New York, NY, USA},
   keywords={authoring, automatic document layout, force-directed methods, personalized documents, physics-based simulation},
}

-- Exemplo de referência para dissertações de mestrado
@mastersthesis{PICCOLIDM08,
   address={Porto Alegre, RS, Brasil},
   author={Ricardo Farias Bidart Piccoli},
   numpages={104},
   school={Faculdade de Inform\'{a}tica -- PUCRS},
   title={Um algoritmo determin\'{i}stico para adapta\c{c}\~{a}o autom\'{a}tica de documentos de conte\'{u}do vari\'{a}vel},
   year={2008},
   url={http://tede.pucrs.br/tde_busca/arquivo.php?codArquivo=2593}
}
@mastersthesis{GOLDENBERGAPL02,
   address={Brighton, UK},
   author={Eldan Goldenberg},
   month={Nov},
   numpages={41},
   school={School of Cognitive \& Computing Sciences, University of Sussex},
   title={Automatic layout of variable-content print data},
   url={http://www.hpl.hp.com/techreports/2002/HPL-2002-286.html},
   year={2009},
}

-- Exemplo de referência para teses de doutorado
@phdthesis{PLASSPAG81,
   address={Stanford, CA, USA},
   author={Michael Frederick Plass},
   numpages={80},
   school={Stanford University},
   title={Optimal pagination techniques for automatic typesetting systems},
   year={1981},
}

-- Exemplo de technical report
@techreport{XIAOAPL05,
   address={Palo Alto, CA, USA},
   author={Xiaofan Lin},
   institution={Hewlett \& Packard Laboratories},
   numpages={33},
   title={Active Layout Engine: Algorithms and Applications in Variable Data Printing},
   url={http://www.hpl.hp.com/techreports/2005/HPL-2005-6R1.html},
   year={2005},
}

-- Exemplos de referências a sites da Internet
@misc{COFFMANPACKING98,
   author={E. Coffman and J. Galambos and S. Martello and D. Vigo},
   title={Bin packing approximation algorithms: Combinatorial Analysis},
   url={http://citeseer.ist.psu.edu/coffman98bin.html},
   urlaccessdate={Dez. 2007},
   year={1998}
}
@misc{WIKIPIC09,
   author={Wikipedia},
   title={Wikipedia:Featured pictures --- {W}ikipedia{,} The Free Encyclopedia},
   month={Nov},
   url={http://en.wikipedia.org/wiki/Featured_pictures},
   year={2009},
}
@misc{Facebook1,
   author={Sarah Phillips},
   title={A brief history of Facebook, The Guardian},
   month={Jul},
   url={https://www.theguardian.com/technology/2007/jul/25/media.newmedia},
   year={2007},
}
@misc{Facebook2,
   author={H. Tankovska},
   title={Number of daily active Facebook users worldwide as of 4th quarter 2020},
   month={Jan},
   url={https://www.statista.com/statistics/346167/facebook-global-dau/#:~:text=With\%20roughly\%202.8\%20billion\%20monthly,most\%20popular\%20social\%20network\%20worldwide},
   year={2021},
}
@misc{RedesSociais1,
   author={H. Tankovska},
   title={Number of social network users worldwide from 2017 to 2025, Who uses social media?},
   month={Jan},
   url={https://www.statista.com/statistics/278414/number-of-worldwide-social-network-users/},
   year={2021},
}
@misc{RedesSociais2,
   author={Marty Swant},
   title={The world's most valuable brands},
   month={Mar},
   url={https://www.forbes.com/the-worlds-most-valuable-brands/#2669723b119c},
   year={2021},
}
@article{stadtfeld2020emergence,
  title={The emergence and stability of groups in social networks},
  author={Stadtfeld, Christoph and Tak{\'a}cs, K{\'a}roly and V{\"o}r{\"o}s, Andr{\'a}s},
  journal={Social Networks},
  volume={60},
  pages={129--145},
  year={2020},
  publisher={Elsevier}
}
@article{RedesSociais4,
   address={University of Pennsylvania, USA and University of Oxford, United Kingdom},
   author={Sandra González-Bailóna, Ning Wang},
   journal={},
   number={},
   pages={96–104},
   publisher={Elsevier Science Publishers B. V.},
   title={Networked discontent: The anatomy of protest campaigns
in social media},
   volume={1},
   year={2015},
}
@article{gonzalez2016networked,
  title={Networked discontent: The anatomy of protest campaigns in social media},
  author={Gonz{\'a}lez-Bail{\'o}n, Sandra and Wang, Ning},
  journal={Social networks},
  volume={44},
  pages={95--104},
  year={2016},
  publisher={Elsevier}
}
@misc{LGPD1,
   author={Congresso Brasileiro},
   title={Lei Geral de Proteção de Dados},
   month={Aug},
   url={http://www.planalto.gov.br/ccivil_03/_ato2015-2018/2018/lei/l13709.htm},
   year={2018},
}
@misc{GPDR1,
   author={European Parliament},
   title={General Data Protection Regulation},
   month={Mar},
   url={https://gdpr-info.eu/},
   year={2016},
}
@misc{Facebook3,
   author={Wikipedia},
   title={Wikipedia:Escândalo de dados Facebook–Cambridge Analytica --- {W}ikipedia{,} The Free Encyclopedia},
   month={mar},
   url={https://pt.wikipedia.org/wiki/Escândalo_de_dados_Facebook-Cambridge_Analytica},
   year={2018},
}    
@misc{Web31,
   author={Wikipedia},
   title={Wikipedia:World Wide Web --- {W}ikipedia{,} The Free Encyclopedia},
   month={out},
   url={https://pt.wikipedia.org/wiki/Escândalo_de_dados_Facebook-Cambridge_Analytica},
   year={2020},
}
@misc{Web32,
   author={Joice Tworex},
   title={Web 3.0 – O que vem por ai…},
   month={mar},
   url={https://ex2.com.br/blog/web-1-0-web-2-0-e-web-3-0-enfim-o-que-e-isso/},
   year={2013},
}
@misc{BTCABC,
   author={Roger Keith Ver},
   title={Bitcoin Cash Adjustable Block-size Cap},
   month={May},
   url={https://www.bitcoinabc.org/},
   year={2019},
}
@misc{BTCSV,
   author={Craig Wright},
   title={Bitcoin Cash Satoshi's Vision},
   month={Aug},
   url={https://bitco.in/},
   year={2018},
}
@misc{Diaspora1,
   author={Diaspora Foundation},
   title={O mundo social on-line em que você está no controle},
   month={Mar},
   url={https://diasporafoundation.org/},
   year={2021},
}
@misc{Diaspora2,
   author={Dennis Schubert},
   title={GNU AFFERO GENERAL PUBLIC LICENSE},
   month={Sep},
   url={https://github.com/diaspora/diaspora/blob/develop/LICENSE},
   year={2016},
}
@misc{4chan1,
   author={4chan community support},
   title={Rules},
   month={Mar},
   url={https://www.4chan.org/rules},
   year={2021},
}
@misc{4chan2,
   author={4chan community support},
   title={Advertise on 4chan},
   month={Mar},
   url={https://www.4chan.org/advertise?selfserve},
   year={2021},
}
@misc{Facebook4,
   author={Wikipedia},
   title={Wikipedia:Facebook– Criticisms and controversies --- {W}ikipedia{,} The Free Encyclopedia},
   month={mar},
   url={https://en.wikipedia.org/wiki/Facebook#Criticisms_and_controversies},
   year={2018},
}    
@misc{Facebook5,
   author={Wikipedia},
   title={Wikipedia: Facebook–Censorship --- {W}ikipedia{,} The Free Encyclopedia},
   month={mar},
   url={https://en.wikipedia.org/wiki/Facebook#Censorship},
   year={2018},
}
@misc{Imagem1,
   author={Upul Jayasinghe},
   title={Centralized vs Decentralized vs Distributed Networks},
   month={jan},
   url={https://www.researchgate.net/figure/Centralized-vs-Decentralized-vs-Distributed-Networks_fig1_31604214},
   year={2016},
}
@misc{CLOSEDPLAT,
   author={Community},
   title={Closed platform's Wikipedia page},
   month={Jun},
   url={https://en.wikipedia.org/wiki/Closed_platform},
   year={2019},
}
@mastersthesis{Scraping1,
   address={Wien, AT},
   author={Vojtech Draxl},
   month={Fev},
   numpages={31},
   school={University of Applied Sciences Technikum Wien},
   title={Web Scraping Data Extraction from websites },
   url={https://www.coursehero.com/file/51214521/BACHELOR-PAPER-Web-Scraping-Data-Extractpdf/},
   year={2018},
}
@misc{Scraping2,
   author={Berlind, D.},
   title={APIs Are Like User Interfaces--Just With Different Users in Mind},
   month={Nov},
   url={https://www.programmableweb.com/news/api-economy-delivers-limitless-possibilities/analysis/2015/12/03},
   year={2015},
}
@misc{Memo1,
   author={Jason C.},
   title={Introducing Memo},
   month={Apr},
   url={https://memo.cash/blog/introducing-memo},
   year={2018},
}
@misc{DAMORE,
   author={James Damore},
   title={Google’s Ideological Echo Chamber},
   month={July},
   url={https://assets.documentcloud.org/documents/3914586/Googles-Ideological-Echo-Chamber.pdf},
   year={2017},
}
@misc{TLIB,
   author={Kurt Wagner},
   title={Twitter is so liberal that its conservative employees ‘don’t feel safe to express their opinions,’ says CEO Jack Dorsey},
   month={Sep},
   url={https://www.recode.net/2018/9/14/17857622/twitter-liberal-employees-conservative-trump-politics},
   year={2018},
}

%SOMMERVILLE, Ian. Engenharia de Software. — 9. ed. — São Paulo : Pearson
%Prentice Hall, 2011. Tradução de: Ivan Bosnic e Kalinka G. de O. Gonçalves; revisão
%técnica Kechi Hirama.

@incollection{SOMMERVILLE1,
   author={Ian SOMMERVILLE},
   title={Engenharia de Software. — 9. ed.},
   editor={Tradução de: Ivan Bosnic e Kalinka G. de O. Gonçalves; revisão
técnica Kechi Hirama.},
   publisher={Pearson Prentice Hall},
   address={São Paulo},
   year={2011},
}

@incollection{BALTZAN1,
   author={Paige BALTZAN, PHILIPS, Amy},
   title={Sistemas de Informação - Série A},
   editor={Tradução de: Ivan Bosnic e Kalinka G. de O. Gonçalves; revisão
técnica Kechi Hirama.},
   publisher={Editora McGraw Hill Brasil.},
   address={São Paulo},
   year={2012},
}
@book{HASH1,
   address={University of California, San Diego},
   author={Mihir Bellare and Phillip Rogaway},
   howpublished={Paperback},
   month={September},
   numpages={1184},
   publisher={{The UCSD Press}},
   title={Introduction to Modern Cryptography},
   year={Nov 5, 2003},
}
@article{Censura1,
   address={Baltimore, Maryland, Estados Unidos},
   author={Sasha Costanza-Chock},
   journal={American Quarterly},
   number={3},
   pages={851-864},
   publisher={The Johns Hopkins University Press},
   title={The Immigrant Rights Movement on the Net: Between “Web 2.0” and Comunicación Popular},
   volume={60},
   year={2008},
}
@misc{Twitch1,
   author={Sarah Needleman},
   title={Twitch's Viewers Reach 100 Million a Month.Wall Street Journal},
   month={August},
   url={https://web.archive.org/web/20170809175422/https://blogs.wsj.com/digits/2015/01/29/twitchs-viewers-reach-100-million-a-month/},
   year={2017},
}
@misc{Twetch1,
   author={Twetch Team},
   title={Take back your data},
   month={April},
   url={https://twetch.app/welcome},
   year={2021},
}
@misc{Twetch2,
   author={Patrick Thompson},
   title={Twetch passes 1 million transaction milestone},
   month={OCTOBER, 29},
   url={https://coingeek.com/twetch-passes-1-million-transaction-milestone/},
   year={2020},
}

@misc{Diaspora3,
   author={Diaspora Team},
   title={What is diaspora*?},
   month={april},
   url={https://the-federation.info/diaspora},
   year={2021},
}
@misc{wiki:net-effect,
    author = "{Wikipedia contributors}",
    title = "Network effect --- {Wikipedia}{,} The Free Encyclopedia",
    year = "2021",
    url = "https://en.wikipedia.org/w/index.php?title=Network_effect&oldid=1015651827",
    note = "[Online; accessed 10-April-2021]"
}
@misc{wiki:cap-theorem,
    author = "{Wikipedia contributors}",
    title = "CAP theorem --- {Wikipedia}{,} The Free Encyclopedia",
    year = "2021",
    url = "https://en.wikipedia.org/w/index.php?title=CAP_theorem&oldid=1009015567",
    note = "[Online; accessed 10-April-2021]"
}
@misc{wiki:facebooklogo,
    author = "Gabriel dos Santos.",
    title = "Facebook, Inc. (original logo)",
    year = "2021",
    howpublished = "https://commons.wikimedia.org/wiki/File:Facebook_icon_2013.svg",
    note = "[Online; accessed 10-April-2021]"
}
@misc{twitchlogo,
    title = "Twitch logo",
    year = "2021",
    howpublished = "https://www.vectorlogo.zone/logos/twitch/index.html",
    note = "[Online; accessed 10-April-2021]"
}
@misc{nakamoto2008bitcoin,
    author = {Satoshi Nakamoto},
    title = {Bitcoin: A Peer-to-Peer Electronic Cash System},
    year = {2008},
    month = {Oct},
    note = {Accessed: 2021-04-10},
    url = {https://bitcoin.org/bitcoin.pdf},
}
@misc{wiki:redecomputadores,
    author = "{Wikipedia contributors}",
    title = "Rede de computadores --- {Wikipedia}{,} The Free Encyclopedia",
    year = "2021",
    url = {https://pt.wikipedia.org/wiki/Rede_de_computadores},
    note = "[Online; accessed 11-April-2021]"
}
@misc{wiki:modelorede,
    author = "{Wikipedia contributors}",
    title = "Modelos de Rede --- {Wikipedia}{,} The Free Encyclopedia",
    year = "2021",
    url = {http://wiki.nosdigitais.teia.org.br/index.php?title=Modelos_de_Rede&oldid=33550},
    note = "[Online; accessed 11-April-2021]"
}
@misc{wiki:cifras,
    author = "{Wikipedia contributors}",
    title = "Block cipher mode of operation --- {Wikipedia}{,} The Free Encyclopedia",
    year = "2021",
    url = "https://en.wikipedia.org/wiki/Block_cipher_mode_of_operation",
    note = "[Online; accessed 11-April-2021]"
}
@misc{wiki:hashapp1,
    author = "Wikipedia contributors",
    title = "Função hash criptográfica - Verificação da integridade --- {Wikipedia}{,} The Free Encyclopedia",
    year = "2021",
    url = "https://pt.wikipedia.org/wiki/Função_hash_criptográfica#Verificação_da_integridade_de_arquivos_ou_mensagens",
    note = "[Online; accessed 11-April-2021]"
}
@misc{wiki:hashapp2,
    author = "Wikipedia contributors",
    title = "Função hash criptográfica - Verificação de senha--- {Wikipedia}{,} The Free Encyclopedia",
    year = "2021",
    url = "https://pt.wikipedia.org/wiki/Função_hash_criptográfica#Verificação_de_senha",
    note = "[Online; accessed 11-April-2021]"
}
@misc{wiki:hashapp3,
    author = "Wikipedia contributors",
    title = "Função hash criptográfica - Identificador de arquivo--- {Wikipedia}{,} The Free Encyclopedia",
    year = "2021",
    url = "https://pt.wikipedia.org/wiki/Função_hash_criptográfica#Identificador_de_arquivo_ou_dados",
    note = "[Online; accessed 11-April-2021]"
}
